<collection xmlns="http://www.loc.gov/MARC21/slim">
   <record>
      <leader>03319cam a2200457 i 4500</leader>
      <controlfield tag="001">6712190</controlfield>
      <controlfield tag="003">FlBoTFG</controlfield>
      <controlfield tag="005">20141020104123.0</controlfield>
      <controlfield tag="006">m    |o  d |      </controlfield>
      <controlfield tag="007">cr |||</controlfield>
      <controlfield tag="008">141020t20152015fluadf  ob    001 0 eng d</controlfield>
      <datafield ind1=" " ind2=" " tag="020">
         <subfield code="a">9781466577190 (e-book : PDF)</subfield>
      </datafield>
      <datafield ind1=" " ind2=" " tag="035">
         <subfield code="a">ocn891387143</subfield>
      </datafield>
      <datafield ind1=" " ind2=" " tag="039">
         <subfield code="a">exclude</subfield>
      </datafield>
      <datafield ind1=" " ind2=" " tag="040">
         <subfield code="a">FlBoTFG</subfield>
         <subfield code="b">eng</subfield>
         <subfield code="c">FlBoTFG</subfield>
         <subfield code="e">rda</subfield>
         <subfield code="d">AEU</subfield>
      </datafield>
      <datafield ind1=" " ind2="4" tag="050">
         <subfield code="a">TK7882.S3</subfield>
         <subfield code="b">K365 2015</subfield>
      </datafield>
      <datafield ind1=" " ind2=" " tag="090">
         <subfield code="a">Internet Access</subfield>
         <subfield code="b">AEU</subfield>
      </datafield>
      <datafield ind1="1" ind2=" " tag="100">
         <subfield code="a">Kapilevich, Boris Y.,</subfield>
         <subfield code="e">author.</subfield>
         <subfield code="0">http://id.loc.gov/authorities/names/n80124886</subfield>
         <subfield code="0">http://viaf.org/viaf/11153648</subfield>
      </datafield>
      <datafield ind1="1" ind2="0" tag="245">
         <subfield code="a">Non-imaging microwave and millimeter wave sensors for concealed object detection /</subfield>
         <subfield code="c">Boris Y. Kapilevich, Ariel University, Ariel, Israel; Stuart W. Harmer, Manchester Metropolitan University, Manchester, United Kingdom; Nicholas J. Bowring, Manchester Metropolitan University, Manchester, United Kingdom.</subfield>
      </datafield>
      <datafield ind1=" " ind2="1" tag="264">
         <subfield code="a">Boca Raton :</subfield>
         <subfield code="b">CRC Press,</subfield>
         <subfield code="c">[2015]</subfield>
      </datafield>
      <datafield ind1=" " ind2="4" tag="264">
         <subfield code="c">©2015</subfield>
      </datafield>
      <datafield ind1=" " ind2=" " tag="300">
         <subfield code="a">1 online resource.</subfield>
      </datafield>
      <datafield ind1=" " ind2=" " tag="336">
         <subfield code="a">text</subfield>
         <subfield code="2">rdacontent</subfield>
         <subfield code="0">http://id.loc.gov/vocabulary/contentTypes/txt</subfield>
      </datafield>
      <datafield ind1=" " ind2=" " tag="337">
         <subfield code="a">computer</subfield>
         <subfield code="2">rdamedia</subfield>
         <subfield code="0">http://id.loc.gov/vocabulary/mediaTypes/c</subfield>
      </datafield>
      <datafield ind1=" " ind2=" " tag="338">
         <subfield code="a">online resource</subfield>
         <subfield code="2">rdacarrier</subfield>
         <subfield code="0">http://id.loc.gov/vocabulary/carriers/cr</subfield>
      </datafield>
      <datafield ind1=" " ind2=" " tag="504">
         <subfield code="a">Includes bibliographical references and index.</subfield>
      </datafield>
      <datafield ind1="0" ind2=" " tag="505">
         <subfield code="a">Introduction -- Background and theory -- Active millimetre-wave sensor using direct detection approach -- FMCW sensors for detecting hidden objects -- Active microwave sensors for complex natural resonance-based object detection -- Passive millimetre-wave sensors -- The role of shielding effects in operating non-imaging sensors.</subfield>
      </datafield>
      <datafield ind1=" " ind2=" " tag="506">
         <subfield code="a">Access restricted to authorized users and institutions.</subfield>
      </datafield>
      <datafield ind1=" " ind2=" " tag="520">
         <subfield code="a">"Technology now allows the use of microwave and millimeter wave sensors for the detection of concealed objects, typically weapons and explosive devices, on the human body. This book discusses these developments and includes examples of actual devices built and tested by the authors. Topics include active millimeter wave sensor using the direct detection approach and the heterodyne approach, active microwave sensor for CNR-based object detection, passive millimeter wave sensors, and the role of shielding effects in operating non-imaging MM-wave sensors"--</subfield>
         <subfield code="c">Provided by publisher.</subfield>
      </datafield>
      <datafield ind1=" " ind2=" " tag="596">
         <subfield code="a">44</subfield>
      </datafield>
      <datafield ind1=" " ind2="0" tag="650">
         <subfield code="a">Scanning systems.</subfield>
         <subfield code="0">http://id.loc.gov/authorities/subjects/sh85117991</subfield>
      </datafield>
      <datafield ind1=" " ind2="0" tag="650">
         <subfield code="a">Metal detectors.</subfield>
         <subfield code="0">http://id.loc.gov/authorities/subjects/sh85084052</subfield>
      </datafield>
      <datafield ind1=" " ind2="0" tag="650">
         <subfield code="a">Explosives</subfield>
         <subfield code="x">Detection.</subfield>
         <subfield code="0">http://id.loc.gov/authorities/subjects/sh99000283</subfield>
      </datafield>
      <datafield ind1=" " ind2="0" tag="650">
         <subfield code="a">Microwave detectors.</subfield>
         <subfield code="0">http://id.loc.gov/authorities/subjects/sh85084957</subfield>
      </datafield>
      <datafield ind1="1" ind2=" " tag="700">
         <subfield code="a">Harmer, Stuart W.,</subfield>
         <subfield code="e">author.</subfield>
         <subfield code="0">http://id.loc.gov/authorities/names/n2014036085</subfield>
         <subfield code="0">http://viaf.org/viaf/309819404</subfield>
      </datafield>
      <datafield ind1="1" ind2=" " tag="700">
         <subfield code="a">Bowring, Nicholas J.,</subfield>
         <subfield code="e">author.</subfield>
         <subfield code="0">http://id.loc.gov/authorities/names/n2014036086</subfield>
         <subfield code="0">http://viaf.org/viaf/309819405</subfield>
      </datafield>
      <datafield ind1=" " ind2=" " tag="758">
         <subfield code="0">http://worldcat.org/entity/work/id/145984019</subfield>
      </datafield>
      <datafield ind1="0" ind2=" " tag="787">
         <subfield code="n">OCLC Work Id</subfield>
         <subfield code="o">http://worldcat.org/entity/work/id/145984019</subfield>
      </datafield>
      <datafield ind1="4" ind2="0" tag="856">
         <subfield code="3">University of Alberta Access</subfield>
         <subfield code="u">http://marc.crcnetbase.com/isbn/9781466577190</subfield>
         <subfield code="z">(Unlimited Concurrent Users)</subfield>
      </datafield>
      <datafield ind1=" " ind2=" " tag="949">
         <subfield code="h">UAIN</subfield>
         <subfield code="z">CRC</subfield>
      </datafield>
      <datafield ind1=" " ind2=" " tag="926">
         <subfield code="a">Internet Access</subfield>
         <subfield code="w">LC</subfield>
         <subfield code="c">1</subfield>
         <subfield code="i">6712190-1001</subfield>
         <subfield code="l">INTERNET</subfield>
         <subfield code="m">UAINTERNET</subfield>
         <subfield code="r">Y</subfield>
         <subfield code="s">Y</subfield>
         <subfield code="t">E-RESOURCE</subfield>
         <subfield code="u">10/27/2014</subfield>
         <subfield code="x">E-BOOK</subfield>
         <subfield code="z">CRC</subfield>
      </datafield>
   </record>
</collection>
